
@article{2018planck,
  title={Planck 2018 results. VI. Cosmological parameters},
  author={Aghanim, N and Akrami, Yashar and Ashdown, M and Aumont, J and Baccigalupi, C and Ballardini, M and Banday, AJ and Barreiro, RB and Bartolo, N and Basak, S and others},
  journal={arXiv preprint arXiv:1807.06209},
  year={2018}
}

@article{guth,
  title = {Inflationary universe: A possible solution to the horizon and flatness problems},
  author = {Guth, Alan H.},
  journal = {Phys. Rev. D},
  volume = {23},
  issue = {2},
  pages = {347--356},
  numpages = {0},
  year = {1981},
  month = {Jan},
  publisher = {American Physical Society},
  doi = {10.1103/PhysRevD.23.347},
  url = {https://link.aps.org/doi/10.1103/PhysRevD.23.347}
}

@article{Starobinsky:1980te,
    author = "Starobinsky, Alexei A.",
    editor = "Khalatnikov, I.M. and Mineev, V.P.",
    title = "{A New Type of Isotropic Cosmological Models Without Singularity}",
    doi = "10.1016/0370-2693(80)90670-X",
    journal = "Adv. Ser. Astrophys. Cosmol.",
    volume = "3",
    pages = "130--133",
    year = "1987"
}

@article{Linde:1981mu,
    author = "Linde, Andrei D.",
    editor = "Fang, Li-Zhi and Ruffini, R.",
    title = "{A New Inflationary Universe Scenario: A Possible Solution of the Horizon, Flatness, Homogeneity, Isotropy and Primordial Monopole Problems}",
    reportNumber = "LEBEDEV-81-229",
    doi = "10.1016/0370-2693(82)91219-9",
    journal = "Adv. Ser. Astrophys. Cosmol.",
    volume = "3",
    pages = "149--153",
    year = "1987"
}

@article{single-field,
   title={On non-Gaussianities in single-field inflation},
   volume={2003},
   ISSN={1475-7516},
   url={http://dx.doi.org/10.1088/1475-7516/2003/10/003},
   DOI={10.1088/1475-7516/2003/10/003},
   number={10},
   journal={Journal of Cosmology and Astroparticle Physics},
   publisher={IOP Publishing},
   author={Creminelli, Paolo},
   year={2003},
   month={Oct},
   pages={003–003}
}




@article{Bartolo_2004,
   title={Non-Gaussianity from inflation: theory and observations},
   volume={402},
   ISSN={0370-1573},
   url={http://dx.doi.org/10.1016/j.physrep.2004.08.022},
   DOI={10.1016/j.physrep.2004.08.022},
   number={3-4},
   journal={Physics Reports},
   publisher={Elsevier BV},
   author={Bartolo, N. and Komatsu, E. and Matarrese, S. and Riotto, A.},
   year={2004},
   month={Nov},
   pages={103–266}
}

@misc{PNG,
    title={Primordial Non-Gaussianity},
    author={Marco Celoria and Sabino Matarrese},
    year={2018},
    eprint={1812.08197},
    archivePrefix={arXiv},
    primaryClass={astro-ph.CO}
}

@article{AAA,
  title = {Cherenkov radiation in the sky: Measuring the sound speed of primordial scalar fluctuations},
  author = {Abolhasani, Ali Akbar and Jazayeri, Sadra},
  journal = {Phys. Rev. D},
  volume = {100},
  issue = {2},
  pages = {023520},
  numpages = {15},
  year = {2019},
  month = {Jul},
  publisher = {American Physical Society},
  doi = {10.1103/PhysRevD.100.023520},
  url = {https://link.aps.org/doi/10.1103/PhysRevD.100.023520}
}

@ARTICLE{CS2,
       author = {{Movahed}, Seyed Mohammad Sadegh and {Sadr}, Alireza Vafaei and
         {Farhang}, Marzieh},
        title = "{Searching cosmic strings network in the CMB}",
      journal = {International Journal of Modern Physics D},
     keywords = {Cosmic background radiation, early universe, large-scale structure, data analysis},
         year = 2019,
        month = jan,
       volume = {28},
       number = {16},
          eid = {2040006-30},
        pages = {2040006-30},
          doi = {10.1142/S0218271820400064},
       adsurl = {https://ui.adsabs.harvard.edu/abs/2019IJMPD..2840006M},
      adsnote = {Provided by the SAO/NASA Astrophysics Data System}
}

@article{Planck_inflation,
   title={Planck 2018 results. X. Constraints on inflation},
   ISSN={1432-0746},
   url={http://dx.doi.org/10.1051/0004-6361/201833887},
   DOI={10.1051/0004-6361/201833887},
   journal={Astronomy and Astrophysics},
   publisher={EDP Sciences},
   year={2019},
   month={Oct}
}

@article{Akrami_2020,
   title={Planck 2018 results. IX. Constraints on primordial non-Gaussianity},
   ISSN={1432-0746},
   url={http://dx.doi.org/10.1051/0004-6361/201935891},
   DOI={10.1051/0004-6361/201935891},
   journal={Astronomy and Astrophysics},
   publisher={EDP Sciences},
   author={Akrami, Y. and Arroja, F. and Ashdown, M. and Aumont, J. and Baccigalupi, C. and Ballardini, M. and Banday, A. J. and Barreiro, R. B. and Bartolo, N. and Basak, S. and et al.},
   year={2020},
   month={Jun}
}

@article{meerburg2019primordial,
  title={Primordial Non-Gaussianity},
  author={Meerburg, P Daniel and Green, Daniel and Abidi, Muntazir and Amin, Mustafa A and Adshead, Peter and Ahmed, Zeeshan and Alonso, David and Ansarinejad, Behzad and Armstrong, Robert and Avila, Santiago and others},
  journal={arXiv preprint arXiv:1903.04409},
  year={2019}
}


@article{Anomaly,
   title={SEVEN-YEAR
                    WILKINSON MICROWAVE ANISOTROPY PROBE
                    (
                    WMAP
                    ) OBSERVATIONS: ARE THERE COSMIC MICROWAVE BACKGROUND ANOMALIES?},
   volume={192},
   ISSN={1538-4365},
   url={http://dx.doi.org/10.1088/0067-0049/192/2/17},
   DOI={10.1088/0067-0049/192/2/17},
   number={2},
   journal={The Astrophysical Journal Supplement Series},
   publisher={IOP Publishing},
   author={Bennett, C. L. and Hill, R. S. and Hinshaw, G. and Larson, D. and Smith, K. M. and Dunkley, J. and Gold, B. and Halpern, M. and Jarosik, N. and Kogut, A. and et al.},
   year={2011},
   month={Jan},
   pages={17}
}



@article{CS,
   title={Searching for cosmic strings in CMB anisotropy maps using wavelets and curvelets},
   volume={2017},
   ISSN={1475-7516},
   url={http://dx.doi.org/10.1088/1475-7516/2017/06/004},
   DOI={10.1088/1475-7516/2017/06/004},
   number={06},
   journal={Journal of Cosmology and Astroparticle Physics},
   publisher={IOP Publishing},
   author={Hergt, Lukas and Amara, Adam and Brandenberger, Robert and Kacprzak, Tomasz and Réfrégier, Alexandre},
   year={2017},
   month={Jun},
   pages={004–004}
}

@article{NG-multifield,
   title={Non-Gaussianities in multi-field inflation},
   volume={2007},
   ISSN={1475-7516},
   url={http://dx.doi.org/10.1088/1475-7516/2007/03/020},
   DOI={10.1088/1475-7516/2007/03/020},
   number={03},
   journal={Journal of Cosmology and Astroparticle Physics},
   publisher={IOP Publishing},
   author={Battefeld, Thorsten and Easther, Richard},
   year={2007},
   month={Mar},
   pages={020–020}
}

@article{Vafaei_Sadr_2017,
   title={A Multiscale pipeline for the search of string-induced CMB anisotropies},
   volume={475},
   ISSN={1365-2966},
   url={http://dx.doi.org/10.1093/mnras/stx3126},
   DOI={10.1093/mnras/stx3126},
   number={1},
   journal={Monthly Notices of the Royal Astronomical Society},
   publisher={Oxford University Press (OUP)},
   author={Vafaei Sadr, A and Movahed, S M S and Farhang, M and Ringeval, C and Bouchet, F R},
   year={2017},
   month={Dec},
   pages={1010–1022}
}

@article{Gorski_2005,
   title={HEALPix: A Framework for High‐Resolution Discretization and Fast Analysis of Data Distributed on the Sphere},
   volume={622},
   ISSN={1538-4357},
   url={http://dx.doi.org/10.1086/427976},
   DOI={10.1086/427976},
   number={2},
   journal={The Astrophysical Journal},
   publisher={IOP Publishing},
   author={Gorski, K. M. and Hivon, E. and Banday, A. J. and Wandelt, B. D. and Hansen, F. K. and Reinecke, M. and Bartelmann, M.},
   year={2005},
   month={Apr},
   pages={759–771}
}

@article{Moss_2011,
   title={No evidence for anomalously low variance circles on the sky},
   volume={2011},
   ISSN={1475-7516},
   url={http://dx.doi.org/10.1088/1475-7516/2011/04/033},
   DOI={10.1088/1475-7516/2011/04/033},
   number={04},
   journal={Journal of Cosmology and Astroparticle Physics},
   publisher={IOP Publishing},
   author={Moss, Adam and Scott, Douglas and Zibin, James P},
   year={2011},
   month={Apr},
   pages={033–033}
}

@misc{collaboration2018planck,
    title={Planck 2018 results. IV. Diffuse component separation},
    author={Planck Collaboration and Y. Akrami and M. Ashdown and J. Aumont and C. Baccigalupi and M. Ballardini and A. J. Banday and et al.},
    year={2018},
    eprint={1807.06208},
    archivePrefix={arXiv},
    primaryClass={astro-ph.CO}
}

@article{DeepSphere,
   title={DeepSphere: Efficient spherical convolutional neural network with HEALPix sampling for cosmological applications},
   volume={27},
   ISSN={2213-1337},
   url={http://dx.doi.org/10.1016/j.ascom.2019.03.004},
   DOI={10.1016/j.ascom.2019.03.004},
   journal={Astronomy and Computing},
   publisher={Elsevier BV},
   author={Perraudin, N. and Defferrard, M. and Kacprzak, T. and Sgier, R.},
   year={2019},
   month={Apr},
   pages={130–146}
}

@article{isotropy,
   title={Planck2013 results. XXIII. Isotropy and statistics of the CMB},
   volume={571},
   ISSN={1432-0746},
   url={http://dx.doi.org/10.1051/0004-6361/201321534},
   DOI={10.1051/0004-6361/201321534},
   journal={Astronomy and Astrophysics},
   publisher={EDP Sciences},
   author={Ade, P. A. R. and Aghanim, N. and Armitage-Caplan, C. and Arnaud, M. and Ashdown, M. and Atrio-Barandela, F. and Aumont, J. and Baccigalupi, C. and Banday, A. J. and et al.},
   year={2014},
   month={Oct},
   pages={A23}
}
